% Encoding: UTF-8

@Book{Allen2003,
  author    = {Allen, Robbie and Lowe-Norris, Alistair},
  date      = {2003},
  title     = {Active directory},
  publisher = {" O'Reilly Media, Inc."},
  year      = {2003},
}

@Article{Mayank2019,
  author    = {Mayank, Manas and Garg, Mohit and Mayank, Manas and Garg, Mohit},
  date      = {2019},
  title     = {Introduction to Azure Active Directory},
  pages     = {1--16},
  journal   = {Developing Applications with Azure Active Directory: Principles of Authentication and Authorization for Architects and Developers},
  publisher = {Springer},
  year      = {2019},
}

@Article{Chappell2008,
  author  = {Chappell, David and others},
  date    = {2008},
  title   = {Introducing the Azure services platform},
  number  = {11},
  volume  = {1364},
  journal = {White paper, Oct},
  year    = {2008},
}

@Online{Microsoft2023,
  author  = {Microsoft},
  date    = {2023-02-01},
  title   = {Azure Active Directory PowerShell for Graph},
  url     = {https://learn.microsoft.com/en-us/powershell/azure/active-directory/overview?view=azureadps-2.0},
  urldate = {2023-03-17},
}

@Online{Microsoft2022,
  author  = {Microsoft},
  date    = {2022-10-22},
  title   = {What is PowerShell?},
  url     = {https://learn.microsoft.com/en-us/powershell/scripting/overview?view=powershell-7.3},
  urldate = {2023-03-16},
}

@Article{Hosmer2019,
  author    = {Hosmer, Chet},
  date      = {2019},
  title     = {An Introduction to PowerShell for Investigators},
  pages     = {1--21},
  journal   = {PowerShell and Python Together: Targeting Digital Investigations},
  publisher = {Springer},
  year      = {2019},
}

@Online{Microsoft2023a,
  author  = {Microsoft},
  date    = {2023},
  title   = {PowerShell Gallery},
  url     = {https://www.powershellgallery.com/},
  urldate = {2023-03-18},
}

@TechReport{Breton2003,
  author      = {Breton, Richard and Boss{\'e}, {\'E}loi},
  date        = {2003},
  institution = {DEFENCE RESEARCH AND DEVELOPMENT CANADAVALCARTIER (QUEBEC)},
  title       = {The cognitive costs and benefits of automation},
  year        = {2003},
}

@Online{Kokkarinen2022,
  author  = {Laura Kokkarinen},
  date    = {2022-05-04},
  title   = {The Ultimate Beginner’s Guide to Microsoft Graph},
  url     = {https://laurakokkarinen.com/the-ultimate-beginners-guide-to-microsoft-graph/#where-does-the-name-come-from},
  urldate = {2023-03-18},
}

@Article{Diestel2010,
  author  = {Diestel, Reinhard and Schrijver, Alexander and Seymour, Paul},
  date    = {2010},
  title   = {Graph theory},
  number  = {1},
  pages   = {521--580},
  volume  = {7},
  journal = {Oberwolfach Reports},
  year    = {2010},
}

@Online{Microsoft2017,
  author  = {Microsoft},
  date    = {2017-05-09},
  title   = {What’s new for Microsoft Graph Developers at Build 2017},
  url     = {https://devblogs.microsoft.com/microsoft365dev/microsoft-graph-at-build-2017/},
  urldate = {2023-03-18},
}

@Article{Warner2019,
  author = {Warner, Jacob Paul},
  date   = {2019},
  title  = {Microsoft: A Strategic Audit},
  year   = {2019},
}

@Book{Frisch2002,
  author    = {Frisch, Aeleen},
  date      = {2002},
  title     = {Essential system administration: Tools and techniques for linux and unix administration},
  publisher = {" O'Reilly Media, Inc."},
  year      = {2002},
}

@Book{Tulloch2001,
  author    = {Tulloch, Mitch},
  date      = {2001},
  title     = {Windows 2000 administration in a nutshell: a desktop quick reference},
  publisher = {" O'Reilly Media, Inc."},
  year      = {2001},
}

@Online{Sibisi2022,
  author  = {Sibisi, Mduduzi},
  date    = {2022-08-31},
  title   = {What are Windows Administrative Tools and How to Use (Windows 10 / 11)},
  url     = {https://cloudinfrastructureservices.co.uk/what-are-windows-administrative-tools-and-how-to-use-windows-10-11/},
  urldate = {2023-03-20},
}

@Misc{Hayes2008,
  author    = {Hayes, Brian},
  date      = {2008},
  title     = {Cloud computing},
  publisher = {ACM New York, NY, USA},
  year      = {2008},
}

@InProceedings{Qian2009,
  author       = {Qian, Ling and Luo, Zhiguo and Du, Yujian and Guo, Leitao},
  booktitle    = {Cloud Computing: First International Conference, CloudCom 2009, Beijing, China, December 1-4, 2009. Proceedings 1},
  date         = {2009},
  title        = {Cloud computing: An overview},
  organization = {Springer},
  pages        = {626--631},
  year         = {2009},
}

@Online{Denaux2022,
  author  = {Denaux, Lins and Van Damme, Tania},
  date    = {2022-05-15},
  title   = {Grafen - UGent Wiskunde},
  url     = {https://cage.ugent.be/~tvd/Grafennascholing/Grafensyllabusvolledig.pdf},
  urldate = {2023-03-20},
}

@Book{Rittinghouse2016,
  author    = {Rittinghouse, John W and Ransome, James F},
  date      = {2016},
  title     = {Cloud computing: implementation, management, and security},
  publisher = {CRC press},
  year      = {2016},
}

@Article{Aljabre2012,
  author    = {Aljabre, Abdulaziz},
  date      = {2012},
  title     = {Cloud computing for increased business value},
  number    = {1},
  volume    = {3},
  journal   = {International Journal of Business and social science},
  publisher = {Centre for Promoting Ideas, USA},
  year      = {2012},
}

@Book{Haag2009,
  author    = {Haag, S. and Cummings, M.},
  date      = {2009},
  title     = {Management Information Systems for the Information Age},
  isbn      = {9780073376783},
  publisher = {McGraw-Hill Companies,Incorporated},
  url       = {https://books.google.be/books?id=PGQ9PgAACAAJ},
  lccn      = {2009036809},
  year      = {2009},
}

@Article{Burgess2003,
  author    = {Burgess, Mark},
  date      = {2003},
  title     = {On the theory of system administration},
  number    = {1-3},
  pages     = {1--46},
  volume    = {49},
  journal   = {Science of Computer Programming},
  publisher = {Elsevier},
  year      = {2003},
}

@Article{Gastermann2015,
  author    = {Gastermann, Bernd and Stopper, Markus and Kossik, Anja and Katalinic, Branko},
  date      = {2015},
  title     = {Secure implementation of an on-premises cloud storage service for small and medium-sized enterprises},
  pages     = {574--583},
  volume    = {100},
  journal   = {Procedia Engineering},
  publisher = {Elsevier},
  year      = {2015},
}

@Online{Microsoft2022a,
  author  = {Microsoft},
  date    = {2022-11-23},
  title   = {Compare Active Directory to Azure Active Directory},
  url     = {https://learn.microsoft.com/en-us/azure/active-directory/fundamentals/active-directory-compare-azure-ad-to-ad},
  urldate = {2023-03-22},
}

@Online{Microsoft2023b,
  author  = {Microsoft},
  date    = {2023},
  title   = {Azure products},
  url     = {https://azure.microsoft.com/en-us/products/},
  urldate = {2023-03-22},
}

@Online{Microsoft2023c,
  author  = {Microsoft},
  date    = {2023-02-22},
  title   = {What is Azure Active Directory?},
  url     = {https://learn.microsoft.com/en-us/azure/active-directory/fundamentals/active-directory-whatis},
  urldate = {2023-03-22},
}

@Online{OData2023,
  author  = {OData},
  date    = {2023},
  title   = {OData Version 3.0 Core Protocol},
  url     = {https://www.odata.org/documentation/odata-version-3-0/odata-version-3-0-core-protocol/},
  urldate = {2023-03-25},
}

@Online{Microsoft2016,
  author  = {Microsoft},
  date    = {2016-03-23},
  title   = {Azure AD Graph API reference},
  url     = {https://learn.microsoft.com/en-gb/previous-versions/azure/ad/graph/api/api-catalog},
  urldate = {2023-03-14},
}

@WWW{Microsoft,
  author  = {Microsoft},
  title   = {Azure AD Graph Explorer},
  url     = {https://graphexplorer.azurewebsites.net/},
  urldate = {2023-03-05},
}

@Online{Microsoft2015,
  author  = {Microsoft},
  date    = {2015},
  editor  = {MINKY},
  title   = {Azure AD Graph API reference},
  url     = {https://weareminky.com/share/ms/docs/reference/rest/example/index.html},
  urldate = {2023-03-01},
}

@Online{OAuth,
  author  = {OAuth},
  title   = {OAuth 2.0},
  url     = {https://oauth.net/2/},
  urldate = {2023-03-25},
}

@Article{Saltzer1975,
  author    = {Saltzer, Jerome H and Schroeder, Michael D},
  date      = {1975},
  title     = {The protection of information in computer systems},
  number    = {9},
  pages     = {1278--1308},
  volume    = {63},
  journal   = {Proceedings of the IEEE},
  publisher = {IEEE},
  year      = {1975},
}

@TechReport{Dusseault2010,
  author = {Dusseault, Lisa and Snell, J},
  date   = {2010},
  title  = {Patch method for http},
  year   = {2010},
}

@Misc{Fielding1999,
  author    = {Fielding, Roy and Gettys, Jim and Mogul, Jeffrey and Frystyk, Henrik and Masinter, Larry and Leach, Paul and Berners-Lee, Tim},
  date      = {1999},
  title     = {RFC2616: Hypertext Transfer Protocol--HTTP/1.1},
  publisher = {RFC Editor},
  year      = {1999},
}

@Article{Liang2016,
  author    = {Liang, Steve and Huang, Chih-Yuan and Khalafbeigi, Tania},
  date      = {2016},
  title     = {OGC SensorThings API Part 1: Sensing, Version 1.0.},
  publisher = {Open Geospatial Consortium},
  year      = {2016},
}

@Article{Wojcieszyn2014,
  author    = {Wojcieszyn, Filip and Wojcieszyn, Filip},
  date      = {2014},
  title     = {OData},
  pages     = {347--363},
  journal   = {ASP. NET Web API 2 Recipes: A Problem Solution Approach},
  publisher = {Springer},
  year      = {2014},
}

@Book{Comer2006,
  author    = {Comer, Douglas E},
  date      = {2006},
  title     = {Internetworking con TCP/IP},
  publisher = {Pearson Italia Spa},
  volume    = {1},
  year      = {2006},
}

@Online{Microsoft2015a,
  author  = {Microsoft},
  date    = {2015-11-18},
  title   = {Connect(); // 2015: Microsoft Graph (/bèta)},
  url     = {https://learn.microsoft.com/en-us/events/visual-studio-connect-event-2015/302},
  urldate = {2023-03-28},
}

@Online{Microsoft2023d,
  author  = {Microsoft},
  date    = {2023-03-16},
  title   = {Overview of Microsoft Graph},
  url     = {https://learn.microsoft.com/en-us/graph/overview},
  urldate = {2023-03-28},
}

@Online{Microsoft2023e,
  author  = {Microsoft},
  date    = {2023-01-27},
  title   = {Migrate your apps from Azure AD Graph to Microsoft Graph},
  url     = {https://learn.microsoft.com/en-us/graph/migrate-azure-ad-graph-overview},
  urldate = {2023-03-27},
}

@InProceedings{Truica2015,
  author       = {Truica, Ciprian-Octavian and Radulescu, Florin and Boicea, Alexandru and Bucur, Ion},
  booktitle    = {2015 20th International Conference on Control Systems and Computer Science},
  date         = {2015},
  title        = {Performance evaluation for CRUD operations in asynchronously replicated document oriented database},
  organization = {IEEE},
  pages        = {191--196},
  year         = {2015},
}

@Online{Microsoft2023f,
  author  = {Microsoft},
  date    = {2023-03-31},
  title   = {Microsoft Graph Changelog},
  url     = {https://developer.microsoft.com/en-us/graph/changelog/},
  urldate = {2023-04-01},
}

@Online{Microsoft2023g,
  author  = {Microsoft},
  date    = {2023-02-03},
  title   = {Use query parameters to customize responses},
  url     = {https://learn.microsoft.com/en-us/graph/query-parameters?tabs=http},
  urldate = {2023-04-01},
}

@WWW{Microsoft2023h,
  author  = {Microsoft},
  date    = {2023},
  title   = {Graph Explorer},
  url     = {https://developer.microsoft.com/en-us/graph/graph-explorer},
  urldate = {2023-03-18},
}

@Online{Postman2023,
  author = {{Postman Inc.}},
  date   = {2023},
  title  = {Postman},
  url    = {https://www.postman.com/},
}

@Online{Saxton2015,
  author  = {Saxton, Adam},
  date    = {2015-04-09},
  editor  = {Microsoft},
  title   = {What is a Tenant?},
  url     = {https://powerbi.microsoft.com/en-us/blog/what-is-a-tenant/},
  urldate = {2023-04-01},
}

@Online{Microsoft2022b,
  author  = {Microsoft},
  date    = {2022-12-20},
  title   = {Authentication and authorization basics},
  url     = {https://learn.microsoft.com/en-us/graph/auth/auth-concepts},
  urldate = {2023-04-01},
}

@Online{Hay2021,
  author  = {Hay, Richard},
  date    = {2021-06-10},
  title   = {Microsoft Graph Connectors Expand Access to Key Data Sources},
  url     = {https://www.itprotoday.com/office-365/microsoft-graph-connectors-expand-access-key-data-sources},
  urldate = {2023-04-04},
}

@Online{Microsoft2022c,
  author  = {Microsoft},
  date    = {2022-09-08},
  title   = {Overview of Microsoft Graph Data Connect},
  url     = {https://learn.microsoft.com/en-us/graph/data-connect-concept-overview},
  urldate = {2023-04-04},
}

@Online{Microsoft2023i,
  author  = {Microsoft},
  date    = {2023},
  title   = {AzureAD},
  url     = {https://learn.microsoft.com/en-us/powershell/module/azuread/?view=azureadps-2.0&preserve-view=true},
  urldate = {2023-03-21},
}

@Online{RedHat2020,
  author  = {{Red Hat}},
  date    = {2020-06-10},
  title   = {What is an SDK?},
  url     = {https://www.redhat.com/en/topics/cloud-native-apps/what-is-SDK},
  urldate = {2023-04-05},
}

@Online{Microsoft2023j,
  author  = {Microsoft},
  date    = {2023},
  title   = {Microsoft Graph PowerShell documentation},
  url     = {https://learn.microsoft.com/en-us/powershell/microsoftgraph/?view=graph-powershell-1.0},
  urldate = {2023-04-05},
}

@Online{Microsoft2023k,
  author  = {Microsoft},
  date    = {2023-04-03},
  title   = {Microsoft Graph PowerShell module},
  url     = {https://www.powershellgallery.com/packages/Microsoft.Graph/1.23.0},
  urldate = {2023-04-05},
}

@Online{Microsoft2023l,
  author  = {Microsoft},
  date    = {2023-03-13},
  title   = {Find Azure AD and MSOnline cmdlets in Microsoft Graph PowerShell},
  url     = {https://learn.microsoft.com/en-us/powershell/microsoftgraph/azuread-msoline-cmdlet-map?view=graph-powershell-1.0},
  urldate = {2023-04-05},
}

@Online{Ooms2022,
  author  = {Ooms, Rudy},
  date    = {2022-03-05},
  title   = {Those who wish me ADAL},
  url     = {https://call4cloud.nl/2021/08/those-who-wish-me-adal/},
  urldate = {2023-04-09},
}

@Online{Microsoft2022d,
  author  = {Microsoft},
  date    = {2022-10-12},
  title   = {Overview of the Microsoft Authentication Library (MSAL)},
  url     = {https://learn.microsoft.com/en-us/azure/active-directory/develop/msal-overview},
  urldate = {2023-04-09},
}

@Online{Microsoft2023m,
  author  = {Microsoft},
  date    = {2023-01-27},
  title   = {Migrate applications to the Microsoft Authentication Library (MSAL)},
  url     = {https://learn.microsoft.com/en-us/azure/active-directory/develop/msal-migration},
  urldate = {2023-04-09},
}

@Article{Gunson2011,
  author    = {Gunson, Nancie and Marshall, Diarmid and Morton, Hazel and Jack, Mervyn},
  date      = {2011},
  title     = {User perceptions of security and usability of single-factor and two-factor authentication in automated telephone banking},
  number    = {4},
  pages     = {208--220},
  volume    = {30},
  journal   = {Computers \& Security},
  publisher = {Elsevier},
  year      = {2011},
}

@InProceedings{Banyal2013,
  author       = {Banyal, Rohitash Kumar and Jain, Pragya and Jain, Vijendra Kumar},
  booktitle    = {2013 fifth international conference on computational intelligence, modelling and simulation},
  date         = {2013},
  title        = {Multi-factor authentication framework for cloud computing},
  organization = {IEEE},
  pages        = {105--110},
  year         = {2013},
}

@Book{Bertocci2015,
  author    = {Bertocci, Vittorio},
  date      = {2015},
  title     = {Modern authentication with Azure Active Directory for web applications},
  publisher = {Microsoft Press},
  year      = {2015},
}

@Online{Microsoft2023n,
  author  = {Microsoft},
  date    = {2023-01-27},
  title   = {Azure AD Graph to Microsoft Graph migration FAQ},
  url     = {https://learn.microsoft.com/en-us/graph/migrate-azure-ad-graph-faq},
  urldate = {2023-04-27},
}

@Online{Microsoft2023o,
  author  = {Microsoft},
  date    = {2023-01-27},
  title   = {Request differences between Azure AD Graph and Microsoft Graph},
  url     = {https://learn.microsoft.com/en-us/graph/migrate-azure-ad-graph-request-differences},
  urldate = {2023-04-29},
}

@Online{Prigent2019,
  author  = {Prigent, Nicolas},
  date    = {2019-08-03},
  title   = {What is the difference between Azure AD Module and MS Online module?},
  url     = {https://get-cmd.com/?p=5445},
  urldate = {2023-04-27},
}

@Online{Microsoft2016a,
  author  = {Microsoft},
  date    = {2016-09-06},
  title   = {Permission scopes | Graph API concepts},
  url     = {https://learn.microsoft.com/en-gb/previous-versions/azure/ad/graph/howto/azure-ad-graph-api-permission-scopes},
  urldate = {2023-05-03},
}

@Online{Microsoft2023p,
  author  = {Microsoft},
  date    = {2023-04-12},
  title   = {Microsoft Graph permissions reference},
  url     = {https://learn.microsoft.com/en-us/graph/permissions-reference},
  urldate = {2023-05-03},
}

@Online{Allen2023,
  author  = {Allen, Robert},
  date    = {2023-04-13},
  title   = {Get MFA Status with PowerShell (Script Included)},
  url     = {https://activedirectorypro.com/mfa-status-powershell/},
  urldate = {2023-04-20},
}

@WWW{Microsoft2023q,
  author  = {Microsoft},
  date    = {2023},
  title   = {Microsoft 365 Developer Program},
  url     = {https://developer.microsoft.com/en-us/microsoft-365/dev-program},
  urldate = {2023-03-14},
}

@Online{Terlisten2022,
  author  = {Terlisten, Patrick},
  date    = {2022-07-22},
  title   = {Use app-only authentication with the Microsoft Graph PowerShell SDK},
  url     = {https://www.vcloudnine.de/use-app-only-authentication-with-the-microsoft-graph-powershell-sdk/},
  urldate = {2023-05-01},
}

@Online{Microsoft2016b,
  author  = {Microsoft},
  date    = {2016-02-18},
  title   = {Supported queries, filters, and paging options | Graph API concepts},
  url     = {https://learn.microsoft.com/en-gb/previous-versions/azure/ad/graph/howto/azure-ad-graph-api-supported-queries-filters-and-paging-options},
  urldate = {2023-05-20},
}

@Online{Microsoft2023r,
  author  = {Microsoft},
  date    = {2023-01-27},
  title   = {Get access on behalf of a user},
  url     = {https://learn.microsoft.com/en-us/graph/auth-v2-user},
  urldate = {2023-04-11},
}

@Online{Microsoft2023s,
  author  = {Microsoft},
  date    = {2023-01-27},
  title   = {Get access without a user},
  url     = {https://learn.microsoft.com/en-us/graph/auth-v2-service},
  urldate = {2023-04-11},
}

@Online{Microsoft2022e,
  author  = {Microsoft},
  date    = {2022-07-01},
  title   = {Microsoft Graph REST API v1.0 endpoint reference},
  url     = {https://learn.microsoft.com/en-us/graph/api/overview?view=graph-rest-1.0},
  urldate = {2023-05-20},
}

@Online{Microsofta,
  author  = {Microsoft},
  title   = {MSOnline},
  url     = {https://learn.microsoft.com/en-us/powershell/module/msonline/?view=azureadps-1.0},
  urldate = {2023-04-12},
}

@Online{Microsoft2022f,
  author  = {Microsoft},
  date    = {2022-08-27},
  title   = {Microsoft Graph connectors overview},
  url     = {https://learn.microsoft.com/en-us/graph/connecting-external-content-connectors-overview},
  urldate = {2023-04-18},
}

@Comment{jabref-meta: databaseType:biblatex;}
